%YAML 1.1
%TAG !u! tag:unity3d.com,2011:
--- !u!114 &-9158424918561614492
MonoBehaviour:
  m_ObjectHideFlags: 0
  m_CorrespondingSourceObject: {fileID: 0}
  m_PrefabInstance: {fileID: 0}
  m_PrefabAsset: {fileID: 0}
  m_GameObject: {fileID: 0}
  m_Enabled: 1
  m_EditorHideFlags: 0
  m_Script: {fileID: 11500000, guid: 7de993716e042c6499d0c18eed3a773c, type: 3}
  m_Name: MockRuntime Android
  m_EditorClassIdentifier: 
  m_enabled: 0
  nameUi: Mock Runtime
  version: 0.0.2
  featureIdInternal: com.unity.openxr.feature.mockruntime
  openxrExtensionStrings: XR_UNITY_null_gfx XR_UNITY_android_present
  company: Unity
  priority: 0
  required: 0
  ignoreValidationErrors: 0
--- !u!114 &-9142537786243634053
MonoBehaviour:
  m_ObjectHideFlags: 0
  m_CorrespondingSourceObject: {fileID: 0}
  m_PrefabInstance: {fileID: 0}
  m_PrefabAsset: {fileID: 0}
  m_GameObject: {fileID: 0}
  m_Enabled: 1
  m_EditorHideFlags: 0
  m_Script: {fileID: 11500000, guid: 0f6bfdbcb316ed242b30a8798c9eb853, type: 3}
  m_Name: KHRSimpleControllerProfile Android
  m_EditorClassIdentifier: 
  m_enabled: 0
  nameUi: Khronos Simple Controller Profile
  version: 0.0.1
  featureIdInternal: com.unity.openxr.feature.input.khrsimpleprofile
  openxrExtensionStrings: 
  company: Unity
  priority: 0
  required: 0
--- !u!114 &-8337186646075160933
MonoBehaviour:
  m_ObjectHideFlags: 0
  m_CorrespondingSourceObject: {fileID: 0}
  m_PrefabInstance: {fileID: 0}
  m_PrefabAsset: {fileID: 0}
  m_GameObject: {fileID: 0}
  m_Enabled: 1
  m_EditorHideFlags: 0
  m_Script: {fileID: 11500000, guid: 1927c045052a06d49a9b21fdcaa26db6, type: 3}
  m_Name: MetaXRFeature Android
  m_EditorClassIdentifier: 
  m_enabled: 1
  nameUi: Meta XR Feature
  version: 0.0.1
  featureIdInternal: com.meta.openxr.feature.metaxr
  openxrExtensionStrings: 'XR_KHR_vulkan_enable XR_KHR_D3D11_enable XR_OCULUS_common_reference_spaces
    XR_FB_display_refresh_rate XR_EXT_performance_settings XR_FB_composition_layer_image_layout
    XR_KHR_android_surface_swapchain XR_FB_android_surface_swapchain_create XR_KHR_composition_layer_color_scale_bias
    XR_FB_color_space XR_EXT_hand_tracking XR_FB_swapchain_update_state XR_FB_swapchain_update_state_opengl_es
    XR_FB_swapchain_update_state_vulkan XR_FB_composition_layer_alpha_blend XR_KHR_composition_layer_depth
    XR_KHR_composition_layer_cylinder XR_KHR_composition_layer_cube XR_KHR_composition_layer_equirect2
    XR_KHR_convert_timespec_time XR_KHR_visibility_mask XR_FB_render_model XR_FB_spatial_entity
    XR_FB_spatial_entity_query XR_FB_spatial_entity_storage XR_META_performance_metrics
    XR_FB_scene XR_FB_spatial_entity_container XR_FB_scene_capture XR_FB_face_tracking
    XR_FB_eye_tracking XR_FB_keyboard_tracking XR_FB_passthrough XR_FB_triangle_mesh
    XR_FB_passthrough_keyboard_hands XR_OCULUS_audio_device_guid XR_FB_common_events
    XR_FB_space_warp XR_FB_hand_tracking_capsules XR_FB_hand_tracking_mesh XR_FB_hand_tracking_aim
    XR_FB_touch_controller_pro XR_FB_touch_controller_proximity '
  company: Meta
  priority: 0
  required: 0
--- !u!114 &-8048571052409794416
MonoBehaviour:
  m_ObjectHideFlags: 0
  m_CorrespondingSourceObject: {fileID: 0}
  m_PrefabInstance: {fileID: 0}
  m_PrefabAsset: {fileID: 0}
  m_GameObject: {fileID: 0}
  m_Enabled: 1
  m_EditorHideFlags: 0
  m_Script: {fileID: 11500000, guid: b3cf79659a011bd419c7a2a30eb74e9a, type: 3}
  m_Name: EyeGazeInteraction Standalone
  m_EditorClassIdentifier: 
  m_enabled: 0
  nameUi: Eye Gaze Interaction Profile
  version: 0.0.1
  featureIdInternal: com.unity.openxr.feature.input.eyetracking
  openxrExtensionStrings: XR_EXT_eye_gaze_interaction
  company: Unity
  priority: 0
  required: 0
--- !u!114 &-8006171575081017259
MonoBehaviour:
  m_ObjectHideFlags: 0
  m_CorrespondingSourceObject: {fileID: 0}
  m_PrefabInstance: {fileID: 0}
  m_PrefabAsset: {fileID: 0}
  m_GameObject: {fileID: 0}
  m_Enabled: 1
  m_EditorHideFlags: 0
  m_Script: {fileID: 11500000, guid: 85fd4a84074c74cb183c18e803dabb9e, type: 3}
  m_Name: ARAnchorFeature Android
  m_EditorClassIdentifier: 
  m_enabled: 0
  nameUi: 'Meta Quest: AR Anchors'
  version: 0.1.0
  featureIdInternal: com.unity.openxr.feature.arfoundation-meta-anchor
  openxrExtensionStrings: XR_FB_spatial_entity
  company: Unity Technologies
  priority: 0
  required: 0
--- !u!114 &-7694749025762878962
MonoBehaviour:
  m_ObjectHideFlags: 0
  m_CorrespondingSourceObject: {fileID: 0}
  m_PrefabInstance: {fileID: 0}
  m_PrefabAsset: {fileID: 0}
  m_GameObject: {fileID: 0}
  m_Enabled: 1
  m_EditorHideFlags: 0
  m_Script: {fileID: 11500000, guid: dfde4033cbc8045a69c465b226fd4284, type: 3}
  m_Name: DisplayUtilitiesFeature Android
  m_EditorClassIdentifier: 
  m_enabled: 0
  nameUi: 'Meta Quest: Display Utilities'
  version: 0.1.0
  featureIdInternal: com.unity.openxr.feature.meta-display-utilities
  openxrExtensionStrings: XR_FB_display_refresh_rate
  company: Unity Technologies
  priority: 0
  required: 0
--- !u!114 &-5991735179856725928
MonoBehaviour:
  m_ObjectHideFlags: 0
  m_CorrespondingSourceObject: {fileID: 0}
  m_PrefabInstance: {fileID: 0}
  m_PrefabAsset: {fileID: 0}
  m_GameObject: {fileID: 0}
  m_Enabled: 1
  m_EditorHideFlags: 0
  m_Script: {fileID: 11500000, guid: f928d0d73a35f294fbe357ca17aa3547, type: 3}
  m_Name: MicrosoftHandInteraction Android
  m_EditorClassIdentifier: 
  m_enabled: 0
  nameUi: Microsoft Hand Interaction Profile
  version: 0.0.1
  featureIdInternal: com.unity.openxr.feature.input.handtracking
  openxrExtensionStrings: XR_MSFT_hand_interaction
  company: Unity
  priority: 0
  required: 0
--- !u!114 &-4375571534895639921
MonoBehaviour:
  m_ObjectHideFlags: 0
  m_CorrespondingSourceObject: {fileID: 0}
  m_PrefabInstance: {fileID: 0}
  m_PrefabAsset: {fileID: 0}
  m_GameObject: {fileID: 0}
  m_Enabled: 1
  m_EditorHideFlags: 0
  m_Script: {fileID: 11500000, guid: e573a2aed6698b047aff95224499b722, type: 3}
  m_Name: MetaXREyeTrackedFoveationFeature Android
  m_EditorClassIdentifier: 
  m_enabled: 0
  nameUi: Meta XR Eye Tracked Foveation
  version: 0.0.1
  featureIdInternal: com.meta.openxr.feature.eyetrackedfoveation
  openxrExtensionStrings: XR_META_foveation_eye_tracked XR_FB_eye_tracking_social
    XR_META_vulkan_swapchain_create_info
  company: Meta
  priority: 0
  required: 0
--- !u!114 &-4192509267572355340
MonoBehaviour:
  m_ObjectHideFlags: 0
  m_CorrespondingSourceObject: {fileID: 0}
  m_PrefabInstance: {fileID: 0}
  m_PrefabAsset: {fileID: 0}
  m_GameObject: {fileID: 0}
  m_Enabled: 1
  m_EditorHideFlags: 0
  m_Script: {fileID: 11500000, guid: feeef8d85de8db242bdda70cc7ff5acd, type: 3}
  m_Name: OculusTouchControllerProfile Standalone
  m_EditorClassIdentifier: 
  m_enabled: 0
  nameUi: Oculus Touch Controller Profile
  version: 0.0.1
  featureIdInternal: com.unity.openxr.feature.input.oculustouch
  openxrExtensionStrings: 
  company: Unity
  priority: 0
  required: 0
--- !u!114 &-4163187899337101804
MonoBehaviour:
  m_ObjectHideFlags: 0
  m_CorrespondingSourceObject: {fileID: 0}
  m_PrefabInstance: {fileID: 0}
  m_PrefabAsset: {fileID: 0}
  m_GameObject: {fileID: 0}
  m_Enabled: 1
  m_EditorHideFlags: 0
  m_Script: {fileID: 11500000, guid: f928d0d73a35f294fbe357ca17aa3547, type: 3}
  m_Name: MicrosoftHandInteraction Standalone
  m_EditorClassIdentifier: 
  m_enabled: 0
  nameUi: Microsoft Hand Interaction Profile
  version: 0.0.1
  featureIdInternal: com.unity.openxr.feature.input.handtracking
  openxrExtensionStrings: XR_MSFT_hand_interaction
  company: Unity
  priority: 0
  required: 0
--- !u!114 &-3928316194329540589
MonoBehaviour:
  m_ObjectHideFlags: 0
  m_CorrespondingSourceObject: {fileID: 0}
  m_PrefabInstance: {fileID: 0}
  m_PrefabAsset: {fileID: 0}
  m_GameObject: {fileID: 0}
  m_Enabled: 1
  m_EditorHideFlags: 0
  m_Script: {fileID: 11500000, guid: 2a24be4b5ebfe5f4d8ed1de9b25cb7aa, type: 3}
  m_Name: HandCommonPosesInteraction Standalone
  m_EditorClassIdentifier: 
  m_enabled: 0
  nameUi: Hand Interaction Poses
  version: 0.0.1
  featureIdInternal: com.unity.openxr.feature.input.handinteractionposes
  openxrExtensionStrings: XR_EXT_hand_interaction
  company: Unity
  priority: 0
  required: 0
--- !u!114 &-3825485959875925132
MonoBehaviour:
  m_ObjectHideFlags: 0
  m_CorrespondingSourceObject: {fileID: 0}
  m_PrefabInstance: {fileID: 0}
  m_PrefabAsset: {fileID: 0}
  m_GameObject: {fileID: 0}
  m_Enabled: 1
  m_EditorHideFlags: 0
  m_Script: {fileID: 11500000, guid: 7e567abbf4d944210acb6315178bb015, type: 3}
  m_Name: ARCameraFeature Android
  m_EditorClassIdentifier: 
  m_enabled: 0
  nameUi: 'Meta Quest: AR Camera (Passthrough)'
  version: 0.1.0
  featureIdInternal: com.unity.openxr.feature.arfoundation-meta-camera
  openxrExtensionStrings: XR_FB_passthrough XR_FB_composition_layer_alpha_blend
  company: Unity Technologies
  priority: 0
  required: 0
--- !u!114 &-3421792446339551264
MonoBehaviour:
  m_ObjectHideFlags: 0
  m_CorrespondingSourceObject: {fileID: 0}
  m_PrefabInstance: {fileID: 0}
  m_PrefabAsset: {fileID: 0}
  m_GameObject: {fileID: 0}
  m_Enabled: 1
  m_EditorHideFlags: 0
  m_Script: {fileID: 11500000, guid: d00bb9c182ae8406ca03773119fa07ea, type: 3}
  m_Name: ARPlaneFeature Android
  m_EditorClassIdentifier: 
  m_enabled: 0
  nameUi: 'Meta Quest: AR Plane Detection'
  version: 0.1.0
  featureIdInternal: com.unity.openxr.feature.arfoundation-meta-plane
  openxrExtensionStrings: XR_FB_spatial_entity XR_FB_spatial_entity_query XR_FB_spatial_entity_storage
    XR_FB_scene
  company: Unity Technologies
  priority: 0
  required: 0
--- !u!114 &-3166690738968013128
MonoBehaviour:
  m_ObjectHideFlags: 0
  m_CorrespondingSourceObject: {fileID: 0}
  m_PrefabInstance: {fileID: 0}
  m_PrefabAsset: {fileID: 0}
  m_GameObject: {fileID: 0}
  m_Enabled: 1
  m_EditorHideFlags: 0
  m_Script: {fileID: 11500000, guid: 0d6ccd3d0ef0f1d458e69421dccbdae1, type: 3}
  m_Name: ValveIndexControllerProfile Standalone
  m_EditorClassIdentifier: 
  m_enabled: 0
  nameUi: Valve Index Controller Profile
  version: 0.0.1
  featureIdInternal: com.unity.openxr.feature.input.valveindex
  openxrExtensionStrings: 
  company: Unity
  priority: 0
  required: 0
--- !u!114 &-3009454888510288655
MonoBehaviour:
  m_ObjectHideFlags: 0
  m_CorrespondingSourceObject: {fileID: 0}
  m_PrefabInstance: {fileID: 0}
  m_PrefabAsset: {fileID: 0}
  m_GameObject: {fileID: 0}
  m_Enabled: 1
  m_EditorHideFlags: 0
  m_Script: {fileID: 11500000, guid: 056125dd64c0ed540b40a4af74f7b495, type: 3}
  m_Name: RuntimeDebuggerOpenXRFeature Standalone
  m_EditorClassIdentifier: 
  m_enabled: 0
  nameUi: Runtime Debugger
  version: 1
  featureIdInternal: com.unity.openxr.features.runtimedebugger
  openxrExtensionStrings: 
  company: Unity
  priority: 0
  required: 0
  cacheSize: 1048576
  perThreadCacheSize: 51200
--- !u!114 &-2962018535780191309
MonoBehaviour:
  m_ObjectHideFlags: 0
  m_CorrespondingSourceObject: {fileID: 0}
  m_PrefabInstance: {fileID: 0}
  m_PrefabAsset: {fileID: 0}
  m_GameObject: {fileID: 0}
  m_Enabled: 1
  m_EditorHideFlags: 0
  m_Script: {fileID: 11500000, guid: b5a1f07dc5afe854f9f12a4194aca3fb, type: 3}
  m_Name: Standalone
  m_EditorClassIdentifier: 
  features:
  - {fileID: 3022993602869134978}
  - {fileID: 3101395961495726570}
  - {fileID: -8048571052409794416}
  - {fileID: -3928316194329540589}
  - {fileID: 7347477317308526710}
  - {fileID: 3624355491871873746}
  - {fileID: 6059522551056662960}
  - {fileID: 2724735217492384053}
  - {fileID: 7841716968797039473}
  - {fileID: 8141168441283422934}
  - {fileID: 7783211127523570075}
  - {fileID: 4833921879533482840}
  - {fileID: -1777963775377333587}
  - {fileID: -4163187899337101804}
  - {fileID: 1905688002285691349}
  - {fileID: -905199126332215181}
  - {fileID: -4192509267572355340}
  - {fileID: -2518512056363511286}
  - {fileID: -3009454888510288655}
  - {fileID: -3166690738968013128}
  m_renderMode: 1
  m_depthSubmissionMode: 0
  m_symmetricProjection: 0
--- !u!114 &-2518512056363511286
MonoBehaviour:
  m_ObjectHideFlags: 0
  m_CorrespondingSourceObject: {fileID: 0}
  m_PrefabInstance: {fileID: 0}
  m_PrefabAsset: {fileID: 0}
  m_GameObject: {fileID: 0}
  m_Enabled: 1
  m_EditorHideFlags: 0
  m_Script: {fileID: 11500000, guid: f028123e2efe1d443875bc7609b4a98b, type: 3}
  m_Name: PalmPoseInteraction Standalone
  m_EditorClassIdentifier: 
  m_enabled: 0
  nameUi: Palm Pose
  version: 0.0.1
  featureIdInternal: com.unity.openxr.feature.input.palmpose
  openxrExtensionStrings: XR_EXT_palm_pose
  company: Unity
  priority: 0
  required: 0
--- !u!114 &-1777963775377333587
MonoBehaviour:
  m_ObjectHideFlags: 0
  m_CorrespondingSourceObject: {fileID: 0}
  m_PrefabInstance: {fileID: 0}
  m_PrefabAsset: {fileID: 0}
  m_GameObject: {fileID: 0}
  m_Enabled: 1
  m_EditorHideFlags: 0
  m_Script: {fileID: 11500000, guid: 4710975c7840e7d499bbb3757c22b0a5, type: 3}
  m_Name: MetaXRSubsampledLayout Standalone
  m_EditorClassIdentifier: 
  m_enabled: 0
  nameUi: Meta XR Subsampled Layout
  version: 0.0.1
  featureIdInternal: com.meta.openxr.feature.subsampledLayout
  openxrExtensionStrings: XR_META_vulkan_swapchain_create_info
  company: Meta
  priority: 0
  required: 0
--- !u!114 &-929354469461685077
MonoBehaviour:
  m_ObjectHideFlags: 0
  m_CorrespondingSourceObject: {fileID: 0}
  m_PrefabInstance: {fileID: 0}
  m_PrefabAsset: {fileID: 0}
  m_GameObject: {fileID: 0}
  m_Enabled: 1
  m_EditorHideFlags: 0
  m_Script: {fileID: 11500000, guid: 076937beb8763d94790d2e9cc1248ac8, type: 3}
  m_Name: ARSessionFeature Android
  m_EditorClassIdentifier: 
  m_enabled: 0
  nameUi: 'Meta Quest: AR Session'
  version: 0.1.0
  featureIdInternal: com.unity.openxr.feature.arfoundation-meta-session
  openxrExtensionStrings: XR_FB_scene_capture
  company: Unity Technologies
  priority: 0
  required: 0
--- !u!114 &-905199126332215181
MonoBehaviour:
  m_ObjectHideFlags: 0
  m_CorrespondingSourceObject: {fileID: 0}
  m_PrefabInstance: {fileID: 0}
  m_PrefabAsset: {fileID: 0}
  m_GameObject: {fileID: 0}
  m_Enabled: 1
  m_EditorHideFlags: 0
  m_Script: {fileID: 11500000, guid: 7de993716e042c6499d0c18eed3a773c, type: 3}
  m_Name: MockRuntime Standalone
  m_EditorClassIdentifier: 
  m_enabled: 0
  nameUi: Mock Runtime
  version: 0.0.2
  featureIdInternal: com.unity.openxr.feature.mockruntime
  openxrExtensionStrings: XR_UNITY_null_gfx XR_UNITY_android_present
  company: Unity
  priority: 0
  required: 0
  ignoreValidationErrors: 0
--- !u!114 &-744587219709977352
MonoBehaviour:
  m_ObjectHideFlags: 0
  m_CorrespondingSourceObject: {fileID: 0}
  m_PrefabInstance: {fileID: 0}
  m_PrefabAsset: {fileID: 0}
  m_GameObject: {fileID: 0}
  m_Enabled: 1
  m_EditorHideFlags: 0
  m_Script: {fileID: 11500000, guid: 3d28f705476c80d47acb3dfade3d3142, type: 3}
  m_Name: MetaXRFoveationFeature Android
  m_EditorClassIdentifier: 
  m_enabled: 1
  nameUi: Meta XR Foveation
  version: 1.0.0
  featureIdInternal: com.meta.openxr.feature.foveation
  openxrExtensionStrings: 'XR_FB_foveation XR_FB_foveation_configuration XR_FB_foveation_vulkan '
  company: Meta
  priority: 0
  required: 0
--- !u!114 &-312009977419666852
MonoBehaviour:
  m_ObjectHideFlags: 0
  m_CorrespondingSourceObject: {fileID: 0}
  m_PrefabInstance: {fileID: 0}
  m_PrefabAsset: {fileID: 0}
  m_GameObject: {fileID: 0}
  m_Enabled: 1
  m_EditorHideFlags: 0
  m_Script: {fileID: 11500000, guid: 486b5e28864f9a94b979b9620ce5006d, type: 3}
  m_Name: ConformanceAutomationFeature Android
  m_EditorClassIdentifier: 
  m_enabled: 0
  nameUi: Conformance Automation
  version: 0.0.1
  featureIdInternal: com.unity.openxr.feature.conformance
  openxrExtensionStrings: XR_EXT_conformance_automation
  company: Unity
  priority: 0
  required: 0
--- !u!114 &11400000
MonoBehaviour:
  m_ObjectHideFlags: 0
  m_CorrespondingSourceObject: {fileID: 0}
  m_PrefabInstance: {fileID: 0}
  m_PrefabAsset: {fileID: 0}
  m_GameObject: {fileID: 0}
  m_Enabled: 1
  m_EditorHideFlags: 0
  m_Script: {fileID: 11500000, guid: 9f0ebc320a151d3408ea1e9fce54d40e, type: 3}
  m_Name: OpenXR Package Settings
  m_EditorClassIdentifier: 
  Keys: 01000000070000000d000000
  Values:
  - {fileID: -2962018535780191309}
  - {fileID: 1824879602854195549}
  - {fileID: 666362784596006957}
--- !u!114 &666362784596006957
MonoBehaviour:
  m_ObjectHideFlags: 0
  m_CorrespondingSourceObject: {fileID: 0}
  m_PrefabInstance: {fileID: 0}
  m_PrefabAsset: {fileID: 0}
  m_GameObject: {fileID: 0}
  m_Enabled: 1
  m_EditorHideFlags: 0
  m_Script: {fileID: 11500000, guid: b5a1f07dc5afe854f9f12a4194aca3fb, type: 3}
  m_Name: WebGL
  m_EditorClassIdentifier: 
  features: []
  m_renderMode: 1
  m_depthSubmissionMode: 0
  m_symmetricProjection: 0
--- !u!114 &937943403546793592
MonoBehaviour:
  m_ObjectHideFlags: 0
  m_CorrespondingSourceObject: {fileID: 0}
  m_PrefabInstance: {fileID: 0}
  m_PrefabAsset: {fileID: 0}
  m_GameObject: {fileID: 0}
  m_Enabled: 1
  m_EditorHideFlags: 0
  m_Script: {fileID: 11500000, guid: 4ec7ac3a07bc448fbb43bbcff14d5b12, type: 3}
  m_Name: ARRaycastFeature Android
  m_EditorClassIdentifier: 
  m_enabled: 0
  nameUi: 'Meta Quest: AR Raycasts'
  version: 0.1.0
  featureIdInternal: com.unity.openxr.feature.arfoundation-meta-raycast
  openxrExtensionStrings: 
  company: Unity Technologies
  priority: 0
  required: 0
--- !u!114 &1048082367867423843
MonoBehaviour:
  m_ObjectHideFlags: 0
  m_CorrespondingSourceObject: {fileID: 0}
  m_PrefabInstance: {fileID: 0}
  m_PrefabAsset: {fileID: 0}
  m_GameObject: {fileID: 0}
  m_Enabled: 1
  m_EditorHideFlags: 0
  m_Script: {fileID: 11500000, guid: c4b862ee14fb479fbfe5fffe655d3ed3, type: 3}
  m_Name: MetaQuestTouchProControllerProfile Android
  m_EditorClassIdentifier: 
  m_enabled: 0
  nameUi: Meta Quest Touch Pro Controller Profile
  version: 0.0.1
  featureIdInternal: com.unity.openxr.feature.input.metaquestpro
  openxrExtensionStrings: XR_FB_touch_controller_pro
  company: Unity
  priority: 0
  required: 0
--- !u!114 &1582873488479821308
MonoBehaviour:
  m_ObjectHideFlags: 0
  m_CorrespondingSourceObject: {fileID: 0}
  m_PrefabInstance: {fileID: 0}
  m_PrefabAsset: {fileID: 0}
  m_GameObject: {fileID: 0}
  m_Enabled: 1
  m_EditorHideFlags: 0
  m_Script: {fileID: 11500000, guid: 4710975c7840e7d499bbb3757c22b0a5, type: 3}
  m_Name: MetaXRSubsampledLayout Android
  m_EditorClassIdentifier: 
  m_enabled: 0
  nameUi: Meta XR Subsampled Layout
  version: 0.0.1
  featureIdInternal: com.meta.openxr.feature.subsampledLayout
  openxrExtensionStrings: XR_META_vulkan_swapchain_create_info
  company: Meta
  priority: 0
  required: 0
--- !u!114 &1824879602854195549
MonoBehaviour:
  m_ObjectHideFlags: 0
  m_CorrespondingSourceObject: {fileID: 0}
  m_PrefabInstance: {fileID: 0}
  m_PrefabAsset: {fileID: 0}
  m_GameObject: {fileID: 0}
  m_Enabled: 1
  m_EditorHideFlags: 0
  m_Script: {fileID: 11500000, guid: b5a1f07dc5afe854f9f12a4194aca3fb, type: 3}
  m_Name: Android
  m_EditorClassIdentifier: 
  features:
  - {fileID: -8006171575081017259}
  - {fileID: -3825485959875925132}
  - {fileID: -3421792446339551264}
  - {fileID: 937943403546793592}
  - {fileID: -929354469461685077}
  - {fileID: -312009977419666852}
  - {fileID: -7694749025762878962}
  - {fileID: 8177902413189337968}
  - {fileID: 5719074178595901102}
  - {fileID: 6268826461006889481}
  - {fileID: 2332997415354173170}
  - {fileID: -9142537786243634053}
  - {fileID: 7158442748998688506}
  - {fileID: 1048082367867423843}
  - {fileID: -4375571534895639921}
  - {fileID: -8337186646075160933}
  - {fileID: -744587219709977352}
  - {fileID: 1582873488479821308}
  - {fileID: -5991735179856725928}
  - {fileID: -9158424918561614492}
  - {fileID: 7058593037222959797}
  - {fileID: 8225843192080066993}
  - {fileID: 7179352173914231434}
  - {fileID: 3317233950493289011}
  m_renderMode: 1
  m_depthSubmissionMode: 0
  m_symmetricProjection: 0
--- !u!114 &1905688002285691349
MonoBehaviour:
  m_ObjectHideFlags: 0
  m_CorrespondingSourceObject: {fileID: 0}
  m_PrefabInstance: {fileID: 0}
  m_PrefabAsset: {fileID: 0}
  m_GameObject: {fileID: 0}
  m_Enabled: 1
  m_EditorHideFlags: 0
  m_Script: {fileID: 11500000, guid: 761fdd4502cb7a84e9ec7a2b24f33f37, type: 3}
  m_Name: MicrosoftMotionControllerProfile Standalone
  m_EditorClassIdentifier: 
  m_enabled: 0
  nameUi: Microsoft Motion Controller Profile
  version: 0.0.1
  featureIdInternal: com.unity.openxr.feature.input.microsoftmotioncontroller
  openxrExtensionStrings: 
  company: Unity
  priority: 0
  required: 0
--- !u!114 &2332997415354173170
MonoBehaviour:
  m_ObjectHideFlags: 0
  m_CorrespondingSourceObject: {fileID: 0}
  m_PrefabInstance: {fileID: 0}
  m_PrefabAsset: {fileID: 0}
  m_GameObject: {fileID: 0}
  m_Enabled: 1
  m_EditorHideFlags: 0
  m_Script: {fileID: 11500000, guid: 5019471fb2174e5c852ecd4047163007, type: 3}
  m_Name: HandInteractionProfile Android
  m_EditorClassIdentifier: 
  m_enabled: 0
  nameUi: Hand Interaction Profile
  version: 0.0.1
  featureIdInternal: com.unity.openxr.feature.input.handinteraction
  openxrExtensionStrings: XR_EXT_hand_interaction
  company: Unity
  priority: 0
  required: 0
--- !u!114 &2724735217492384053
MonoBehaviour:
  m_ObjectHideFlags: 0
  m_CorrespondingSourceObject: {fileID: 0}
  m_PrefabInstance: {fileID: 0}
  m_PrefabAsset: {fileID: 0}
  m_GameObject: {fileID: 0}
  m_Enabled: 1
  m_EditorHideFlags: 0
  m_Script: {fileID: 11500000, guid: 0f6bfdbcb316ed242b30a8798c9eb853, type: 3}
  m_Name: KHRSimpleControllerProfile Standalone
  m_EditorClassIdentifier: 
  m_enabled: 0
  nameUi: Khronos Simple Controller Profile
  version: 0.0.1
  featureIdInternal: com.unity.openxr.feature.input.khrsimpleprofile
  openxrExtensionStrings: 
  company: Unity
  priority: 0
  required: 0
--- !u!114 &3022993602869134978
MonoBehaviour:
  m_ObjectHideFlags: 0
  m_CorrespondingSourceObject: {fileID: 0}
  m_PrefabInstance: {fileID: 0}
  m_PrefabAsset: {fileID: 0}
  m_GameObject: {fileID: 0}
  m_Enabled: 1
  m_EditorHideFlags: 0
  m_Script: {fileID: 11500000, guid: 486b5e28864f9a94b979b9620ce5006d, type: 3}
  m_Name: ConformanceAutomationFeature Standalone
  m_EditorClassIdentifier: 
  m_enabled: 0
  nameUi: Conformance Automation
  version: 0.0.1
  featureIdInternal: com.unity.openxr.feature.conformance
  openxrExtensionStrings: XR_EXT_conformance_automation
  company: Unity
  priority: 0
  required: 0
--- !u!114 &3101395961495726570
MonoBehaviour:
  m_ObjectHideFlags: 0
  m_CorrespondingSourceObject: {fileID: 0}
  m_PrefabInstance: {fileID: 0}
  m_PrefabAsset: {fileID: 0}
  m_GameObject: {fileID: 0}
  m_Enabled: 1
  m_EditorHideFlags: 0
  m_Script: {fileID: 11500000, guid: 9c5b5af5107e35a43818d5411328bfc3, type: 3}
  m_Name: DPadInteraction Standalone
  m_EditorClassIdentifier: 
  m_enabled: 0
  nameUi: D-Pad Binding
  version: 0.0.1
  featureIdInternal: com.unity.openxr.feature.input.dpadinteraction
  openxrExtensionStrings: XR_KHR_binding_modification XR_EXT_dpad_binding
  company: Unity
  priority: 0
  required: 0
  forceThresholdLeft: 0.5
  forceThresholdReleaseLeft: 0.4
  centerRegionLeft: 0.5
  wedgeAngleLeft: 1.5707964
  isStickyLeft: 0
  forceThresholdRight: 0.5
  forceThresholdReleaseRight: 0.4
  centerRegionRight: 0.5
  wedgeAngleRight: 1.5707964
  isStickyRight: 0
  extensionStrings:
  - XR_KHR_binding_modification
  - XR_EXT_dpad_binding
--- !u!114 &3317233950493289011
MonoBehaviour:
  m_ObjectHideFlags: 0
  m_CorrespondingSourceObject: {fileID: 0}
  m_PrefabInstance: {fileID: 0}
  m_PrefabAsset: {fileID: 0}
  m_GameObject: {fileID: 0}
  m_Enabled: 1
  m_EditorHideFlags: 0
  m_Script: {fileID: 11500000, guid: 056125dd64c0ed540b40a4af74f7b495, type: 3}
  m_Name: RuntimeDebuggerOpenXRFeature Android
  m_EditorClassIdentifier: 
  m_enabled: 0
  nameUi: Runtime Debugger
  version: 1
  featureIdInternal: com.unity.openxr.features.runtimedebugger
  openxrExtensionStrings: 
  company: Unity
  priority: 0
  required: 0
  cacheSize: 1048576
  perThreadCacheSize: 51200
--- !u!114 &3624355491871873746
MonoBehaviour:
  m_ObjectHideFlags: 0
  m_CorrespondingSourceObject: {fileID: 0}
  m_PrefabInstance: {fileID: 0}
  m_PrefabAsset: {fileID: 0}
  m_GameObject: {fileID: 0}
  m_Enabled: 1
  m_EditorHideFlags: 0
  m_Script: {fileID: 11500000, guid: e5315f812f023cf4ebf26f7e5d2d70f2, type: 3}
  m_Name: HPReverbG2ControllerProfile Standalone
  m_EditorClassIdentifier: 
  m_enabled: 0
  nameUi: HP Reverb G2 Controller Profile
  version: 0.0.1
  featureIdInternal: com.unity.openxr.feature.input.hpreverb
  openxrExtensionStrings: XR_EXT_hp_mixed_reality_controller
  company: Unity
  priority: 0
  required: 0
--- !u!114 &4833921879533482840
MonoBehaviour:
  m_ObjectHideFlags: 0
  m_CorrespondingSourceObject: {fileID: 0}
  m_PrefabInstance: {fileID: 0}
  m_PrefabAsset: {fileID: 0}
  m_GameObject: {fileID: 0}
  m_Enabled: 1
  m_EditorHideFlags: 0
  m_Script: {fileID: 11500000, guid: 3d28f705476c80d47acb3dfade3d3142, type: 3}
  m_Name: MetaXRFoveationFeature Standalone
  m_EditorClassIdentifier: 
  m_enabled: 1
  nameUi: Meta XR Foveation
  version: 1.0.0
  featureIdInternal: com.meta.openxr.feature.foveation
  openxrExtensionStrings: 'XR_FB_foveation XR_FB_foveation_configuration XR_FB_foveation_vulkan '
  company: Meta
  priority: 0
  required: 0
--- !u!114 &5719074178595901102
MonoBehaviour:
  m_ObjectHideFlags: 0
  m_CorrespondingSourceObject: {fileID: 0}
  m_PrefabInstance: {fileID: 0}
  m_PrefabAsset: {fileID: 0}
  m_GameObject: {fileID: 0}
  m_Enabled: 1
  m_EditorHideFlags: 0
  m_Script: {fileID: 11500000, guid: b3cf79659a011bd419c7a2a30eb74e9a, type: 3}
  m_Name: EyeGazeInteraction Android
  m_EditorClassIdentifier: 
  m_enabled: 0
  nameUi: Eye Gaze Interaction Profile
  version: 0.0.1
  featureIdInternal: com.unity.openxr.feature.input.eyetracking
  openxrExtensionStrings: XR_EXT_eye_gaze_interaction
  company: Unity
  priority: 0
  required: 0
--- !u!114 &6059522551056662960
MonoBehaviour:
  m_ObjectHideFlags: 0
  m_CorrespondingSourceObject: {fileID: 0}
  m_PrefabInstance: {fileID: 0}
  m_PrefabAsset: {fileID: 0}
  m_GameObject: {fileID: 0}
  m_Enabled: 1
  m_EditorHideFlags: 0
  m_Script: {fileID: 11500000, guid: 274c02963f889a64e90bc2e596e21d13, type: 3}
  m_Name: HTCViveControllerProfile Standalone
  m_EditorClassIdentifier: 
  m_enabled: 0
  nameUi: HTC Vive Controller Profile
  version: 0.0.1
  featureIdInternal: com.unity.openxr.feature.input.htcvive
  openxrExtensionStrings: 
  company: Unity
  priority: 0
  required: 0
--- !u!114 &6268826461006889481
MonoBehaviour:
  m_ObjectHideFlags: 0
  m_CorrespondingSourceObject: {fileID: 0}
  m_PrefabInstance: {fileID: 0}
  m_PrefabAsset: {fileID: 0}
  m_GameObject: {fileID: 0}
  m_Enabled: 1
  m_EditorHideFlags: 0
  m_Script: {fileID: 11500000, guid: 2a24be4b5ebfe5f4d8ed1de9b25cb7aa, type: 3}
  m_Name: HandCommonPosesInteraction Android
  m_EditorClassIdentifier: 
  m_enabled: 0
  nameUi: Hand Interaction Poses
  version: 0.0.1
  featureIdInternal: com.unity.openxr.feature.input.handinteractionposes
  openxrExtensionStrings: XR_EXT_hand_interaction
  company: Unity
  priority: 0
  required: 0
--- !u!114 &7058593037222959797
MonoBehaviour:
  m_ObjectHideFlags: 0
  m_CorrespondingSourceObject: {fileID: 0}
  m_PrefabInstance: {fileID: 0}
  m_PrefabAsset: {fileID: 0}
  m_GameObject: {fileID: 0}
  m_Enabled: 1
  m_EditorHideFlags: 0
  m_Script: {fileID: 11500000, guid: 9ef793c31862a37448e907829482ef80, type: 3}
  m_Name: OculusQuestFeature Android
  m_EditorClassIdentifier: 
  m_enabled: 0
  nameUi: Oculus Quest Support
  version: 1.0.0
  featureIdInternal: com.unity.openxr.feature.oculusquest
  openxrExtensionStrings: XR_OCULUS_android_initialize_loader
  company: Unity
  priority: 0
  required: 0
  targetQuest: 1
  targetQuest2: 1
--- !u!114 &7158442748998688506
MonoBehaviour:
  m_ObjectHideFlags: 0
  m_CorrespondingSourceObject: {fileID: 0}
  m_PrefabInstance: {fileID: 0}
  m_PrefabAsset: {fileID: 0}
  m_GameObject: {fileID: 0}
  m_Enabled: 1
  m_EditorHideFlags: 0
  m_Script: {fileID: 11500000, guid: f647cc0545697264a9878224faada6d5, type: 3}
  m_Name: MetaQuestFeature Android
  m_EditorClassIdentifier: 
  m_enabled: 0
  nameUi: Meta Quest Support
  version: 1.0.0
  featureIdInternal: com.unity.openxr.feature.metaquest
  openxrExtensionStrings: XR_OCULUS_android_initialize_loader
  company: Unity
  priority: 0
  required: 0
  targetDevices:
  - visibleName: Quest
    manifestName: quest
    enabled: 1
  - visibleName: Quest 2
    manifestName: quest2
    enabled: 1
  - visibleName: Quest Pro
    manifestName: cambria
    enabled: 1
  forceRemoveInternetPermission: 0
  symmetricProjection: 0
  systemSplashScreen: {fileID: 0}
  lateLatchingMode: 0
  lateLatchingDebug: 0
--- !u!114 &7179352173914231434
MonoBehaviour:
  m_ObjectHideFlags: 0
  m_CorrespondingSourceObject: {fileID: 0}
  m_PrefabInstance: {fileID: 0}
  m_PrefabAsset: {fileID: 0}
  m_GameObject: {fileID: 0}
  m_Enabled: 1
  m_EditorHideFlags: 0
  m_Script: {fileID: 11500000, guid: f028123e2efe1d443875bc7609b4a98b, type: 3}
  m_Name: PalmPoseInteraction Android
  m_EditorClassIdentifier: 
  m_enabled: 0
  nameUi: Palm Pose
  version: 0.0.1
  featureIdInternal: com.unity.openxr.feature.input.palmpose
  openxrExtensionStrings: XR_EXT_palm_pose
  company: Unity
  priority: 0
  required: 0
--- !u!114 &7347477317308526710
MonoBehaviour:
  m_ObjectHideFlags: 0
  m_CorrespondingSourceObject: {fileID: 0}
  m_PrefabInstance: {fileID: 0}
  m_PrefabAsset: {fileID: 0}
  m_GameObject: {fileID: 0}
  m_Enabled: 1
  m_EditorHideFlags: 0
  m_Script: {fileID: 11500000, guid: 5019471fb2174e5c852ecd4047163007, type: 3}
  m_Name: HandInteractionProfile Standalone
  m_EditorClassIdentifier: 
  m_enabled: 0
  nameUi: Hand Interaction Profile
  version: 0.0.1
  featureIdInternal: com.unity.openxr.feature.input.handinteraction
  openxrExtensionStrings: XR_EXT_hand_interaction
  company: Unity
  priority: 0
  required: 0
--- !u!114 &7783211127523570075
MonoBehaviour:
  m_ObjectHideFlags: 0
  m_CorrespondingSourceObject: {fileID: 0}
  m_PrefabInstance: {fileID: 0}
  m_PrefabAsset: {fileID: 0}
  m_GameObject: {fileID: 0}
  m_Enabled: 1
  m_EditorHideFlags: 0
  m_Script: {fileID: 11500000, guid: 1927c045052a06d49a9b21fdcaa26db6, type: 3}
  m_Name: MetaXRFeature Standalone
  m_EditorClassIdentifier: 
  m_enabled: 1
  nameUi: Meta XR Feature
  version: 0.0.1
  featureIdInternal: com.meta.openxr.feature.metaxr
  openxrExtensionStrings: 'XR_KHR_vulkan_enable XR_KHR_D3D11_enable XR_OCULUS_common_reference_spaces
    XR_FB_display_refresh_rate XR_EXT_performance_settings XR_FB_composition_layer_image_layout
    XR_KHR_android_surface_swapchain XR_FB_android_surface_swapchain_create XR_KHR_composition_layer_color_scale_bias
    XR_FB_color_space XR_EXT_hand_tracking XR_FB_swapchain_update_state XR_FB_swapchain_update_state_opengl_es
    XR_FB_swapchain_update_state_vulkan XR_FB_composition_layer_alpha_blend XR_KHR_composition_layer_depth
    XR_KHR_composition_layer_cylinder XR_KHR_composition_layer_cube XR_KHR_composition_layer_equirect2
    XR_KHR_convert_timespec_time XR_KHR_visibility_mask XR_FB_render_model XR_FB_spatial_entity
    XR_FB_spatial_entity_query XR_FB_spatial_entity_storage XR_META_performance_metrics
    XR_FB_scene XR_FB_spatial_entity_container XR_FB_scene_capture XR_FB_face_tracking
    XR_FB_eye_tracking XR_FB_keyboard_tracking XR_FB_passthrough XR_FB_triangle_mesh
    XR_FB_passthrough_keyboard_hands XR_OCULUS_audio_device_guid XR_FB_common_events
    XR_FB_space_warp XR_FB_hand_tracking_capsules XR_FB_hand_tracking_mesh XR_FB_hand_tracking_aim
    XR_FB_touch_controller_pro XR_FB_touch_controller_proximity '
  company: Meta
  priority: 0
  required: 0
--- !u!114 &7841716968797039473
MonoBehaviour:
  m_ObjectHideFlags: 0
  m_CorrespondingSourceObject: {fileID: 0}
  m_PrefabInstance: {fileID: 0}
  m_PrefabAsset: {fileID: 0}
  m_GameObject: {fileID: 0}
  m_Enabled: 1
  m_EditorHideFlags: 0
  m_Script: {fileID: 11500000, guid: c4b862ee14fb479fbfe5fffe655d3ed3, type: 3}
  m_Name: MetaQuestTouchProControllerProfile Standalone
  m_EditorClassIdentifier: 
  m_enabled: 0
  nameUi: Meta Quest Touch Pro Controller Profile
  version: 0.0.1
  featureIdInternal: com.unity.openxr.feature.input.metaquestpro
  openxrExtensionStrings: XR_FB_touch_controller_pro
  company: Unity
  priority: 0
  required: 0
--- !u!114 &8141168441283422934
MonoBehaviour:
  m_ObjectHideFlags: 0
  m_CorrespondingSourceObject: {fileID: 0}
  m_PrefabInstance: {fileID: 0}
  m_PrefabAsset: {fileID: 0}
  m_GameObject: {fileID: 0}
  m_Enabled: 1
  m_EditorHideFlags: 0
  m_Script: {fileID: 11500000, guid: e573a2aed6698b047aff95224499b722, type: 3}
  m_Name: MetaXREyeTrackedFoveationFeature Standalone
  m_EditorClassIdentifier: 
  m_enabled: 0
  nameUi: Meta XR Eye Tracked Foveation
  version: 0.0.1
  featureIdInternal: com.meta.openxr.feature.eyetrackedfoveation
  openxrExtensionStrings: XR_META_foveation_eye_tracked XR_FB_eye_tracking_social
    XR_META_vulkan_swapchain_create_info
  company: Meta
  priority: 0
  required: 0
--- !u!114 &8177902413189337968
MonoBehaviour:
  m_ObjectHideFlags: 0
  m_CorrespondingSourceObject: {fileID: 0}
  m_PrefabInstance: {fileID: 0}
  m_PrefabAsset: {fileID: 0}
  m_GameObject: {fileID: 0}
  m_Enabled: 1
  m_EditorHideFlags: 0
  m_Script: {fileID: 11500000, guid: 9c5b5af5107e35a43818d5411328bfc3, type: 3}
  m_Name: DPadInteraction Android
  m_EditorClassIdentifier: 
  m_enabled: 0
  nameUi: D-Pad Binding
  version: 0.0.1
  featureIdInternal: com.unity.openxr.feature.input.dpadinteraction
  openxrExtensionStrings: XR_KHR_binding_modification XR_EXT_dpad_binding
  company: Unity
  priority: 0
  required: 0
  forceThresholdLeft: 0.5
  forceThresholdReleaseLeft: 0.4
  centerRegionLeft: 0.5
  wedgeAngleLeft: 1.5707964
  isStickyLeft: 0
  forceThresholdRight: 0.5
  forceThresholdReleaseRight: 0.4
  centerRegionRight: 0.5
  wedgeAngleRight: 1.5707964
  isStickyRight: 0
  extensionStrings:
  - XR_KHR_binding_modification
  - XR_EXT_dpad_binding
--- !u!114 &8225843192080066993
MonoBehaviour:
  m_ObjectHideFlags: 0
  m_CorrespondingSourceObject: {fileID: 0}
  m_PrefabInstance: {fileID: 0}
  m_PrefabAsset: {fileID: 0}
  m_GameObject: {fileID: 0}
  m_Enabled: 1
  m_EditorHideFlags: 0
  m_Script: {fileID: 11500000, guid: feeef8d85de8db242bdda70cc7ff5acd, type: 3}
  m_Name: OculusTouchControllerProfile Android
  m_EditorClassIdentifier: 
  m_enabled: 0
  nameUi: Oculus Touch Controller Profile
  version: 0.0.1
  featureIdInternal: com.unity.openxr.feature.input.oculustouch
  openxrExtensionStrings: 
  company: Unity
  priority: 0
  required: 0
